<?xml version="1.0" encoding="UTF-8"?><collection xmlns="http://www.loc.gov/MARC21/slim"><record><leader>00550nam--2200193-i-4500</leader><controlfield tag="001">000024337</controlfield><controlfield tag="002">20161230</controlfield><controlfield tag="005">20161230201035</controlfield><controlfield tag="008">060222s1000------------r-----000-0-rum-d</controlfield><datafield ind1=" " ind2=" " tag="040"><subfield code="a">IFIN-HH</subfield></datafield><datafield ind1=" " ind2=" " tag="041"><subfield code="a">rum</subfield></datafield><datafield ind1=" " ind2=" " tag="080"><subfield code="a">533.9:621.039.61</subfield></datafield><datafield ind1="1" ind2=" " tag="100"><subfield code="a">Iordanescu, Anca</subfield></datafield><datafield ind1="1" ind2="0" tag="245"><subfield code="a">Fuziunea termonucleara controlata</subfield><subfield code="b">Trecut - prezent - viitor</subfield><subfield code="c">Anca Iordanescu</subfield></datafield><datafield ind1=" " ind2=" " tag="260"><subfield code="a">Bucuresti, Editura Albatros, 1982</subfield></datafield><datafield ind1=" " ind2=" " tag="300"><subfield code="a">VII+208P</subfield></datafield><datafield ind1=" " ind2=" " tag="500"><subfield code="a">Prefata de Prof.Dr. Ioan-Iovit Popescu</subfield></datafield><datafield ind1=" " ind2=" " tag="852"><subfield code="a">70463</subfield><subfield code="c">533.9</subfield></datafield><datafield ind1=" " ind2=" " tag="CAT"><subfield code="a">Sys</subfield><subfield code="c">20100930</subfield><subfield code="h">121840</subfield></datafield></record></collection>